@article {Guteaar7042,
	author = {Gut, Gabriele and Herrmann, Markus D. and Pelkmans, Lucas},
	title = {Multiplexed protein maps link subcellular organization to cellular states},
	volume = {361},
	number = {6401},
	elocation-id = {eaar7042},
	year = {2018},
	doi = {10.1126/science.aar7042},
	publisher = {American Association for the Advancement of Science},
	issn = {0036-8075},
	URL = {https://science.sciencemag.org/content/361/6401/eaar7042},
	eprint = {https://science.sciencemag.org/content/361/6401/eaar7042.full.pdf},
	journal = {Science}
}
